\begin{thebibliography}{}
	
@phdthesis{rossini2012design,
  title={Design e implementazione di un proxy HTTP/CoAP},
  author={Rossini, Mirko},
  year={2012}
}

\end{thebibliography}
